% Encoding: UTF-8

@Book{Michelucci2018,
  author    = {Umberto Michelucci},
  pages     = {431},
  publisher = {Apress},
  title     = {{Applied Deep Learning: A Case-Based Approach to Understanding Deep Neural Networks}},
  year      = {2018},
}

@Book{Singh2020,
  author    = {Pramod Singh and Avinash Manure},
  pages     = {195},
  publisher = {Apress},
  title     = {{Learn TensorFlow 2.0: Implement Machine Learning and Deep Learning Models with Python}},
  year      = {2020},
}

@Book{Kopec2020,
  author    = {Д. Копец},
  pages     = {256},
  publisher = {Питер},
  title     = {{Классические задачи Computer Science на языке Python}},
  year      = {2020},
}

@Book{Jeron2018,
  author    = {О. Жерон},
  pages     = {688},
  publisher = {ООО"Альфа-книга"},
  title     = {{Прикладное машинное обучение с помощью Scikit-Learn и TensorFlow}},
  year      = {2018},
}

@Book{Sholle2018,
  author    = {Ф. Шолле},
  pages     = {400},
  publisher = {Питер},
  title     = {{Глубокое обучение на Python}},
  year      = {2018},
}

@Book{Nishant2019,
  author    = {Ш. Нишант},
  pages     = {336},
  publisher = {Питер},
  title     = {{Машинное обучение и TensorFlow}},
  year      = {2019},
}

@Book{Klette2019,
  author    = {Рейнхард Клетте},
  pages     = {506},
  publisher = {ДМК Пресс},
  title     = {{Компьютерное зрение. Теория и алгоритмы}},
  year      = {2019},
}

@Book{AdvancedCV2013,
  author    = {Giovanni Maria Farinella and Sebastiano Battiato and Roberto Cipolla},
  pages     = {475},
  publisher = {Springer},
  title     = {{Advanced Topics in Computer Vision}},
  year      = {2013},
}

@online{Nielsen2015,
  author    = {Michael A. Nielsen},
  url       = {http://neuralnetworksanddeeplearning.com/},
  organization = {Determination Press},
  title     = {{Neural Networks and Deep Learning.}},
  year      = {2015},
}
@Comment{jabref-meta: databaseType:bibtex;}
